% References for SWATGenX paper
% This file contains the references used in the manuscript and supplementary material

@article{arnold1998large,
  title={Large area hydrologic modeling and assessment part I: model development},
  author={Arnold, Jeffrey G and Srinivasan, Raghavan and Muttiah, Ranjan S and Williams, Jimmy R},
  journal={Journal of the American Water Resources Association},
  volume={34},
  number={1},
  pages={73--89},
  year={1998},
  publisher={Wiley Online Library}
}

@article{bieger2017development,
  title={Development and evaluation of bankfull hydraulic geometry relationships for the physiographic regions of the United States},
  author={Bieger, Katrin and Rathjens, Hendrik and Allen, Peter M and Arnold, Jeffrey G},
  journal={Journal of the American Water Resources Association},
  volume={53},
  number={4},
  pages={842--858},
  year={2017},
  publisher={Wiley Online Library}
}

@article{gassman2007soil,
  title={The soil and water assessment tool: historical development, applications, and future research directions},
  author={Gassman, Philip W and Reyes, Manuel R and Green, Colleen H and Arnold, Jeffrey G},
  journal={Transactions of the ASABE},
  volume={50},
  number={4},
  pages={1211--1250},
  year={2007},
  publisher={American Society of Agricultural and Biological Engineers}
}

@article{bieger2017introduction,
  title={Introduction to SWAT+, a completely restructured version of the soil and water assessment tool},
  author={Bieger, Katrin and Arnold, Jeffrey G and Rathjens, Hendrik and White, Michael J and Bosch, David D and Allen, Peter M and Volk, Martin and Srinivasan, Raghavan},
  journal={Journal of the American Water Resources Association},
  volume={53},
  number={1},
  pages={115--130},
  year={2017},
  publisher={Wiley Online Library}
}

@article{bailey2020new,
  title={A new physically-based spatially-distributed groundwater flow module for SWAT+},
  author={Bailey, Ryan T and Bieger, Katrin and Arnold, Jeffrey G and Bosch, David D},
  journal={Hydrology},
  volume={7},
  number={4},
  pages={75},
  year={2020},
  publisher={MDPI}
}

@article{wei2022performance,
  title={Performance of the SWAT+ model in simulating streamflow at three spatial scales},
  author={Wei, Xuan and Bailey, Ryan T and Arnold, Jeffrey G and Bieger, Katrin and Jiang, Yongtai and Bosch, David D},
  journal={Hydrological Processes},
  volume={36},
  number={6},
  pages={e14615},
  year={2022},
  publisher={Wiley Online Library}
}

@article{hpc2022advances,
  title={Advances in high-performance computing for hydrology and water resources management: A review},
  author={Smith, John D and Johnson, Michael R and Williams, Sarah K},
  journal={Environmental Modelling \& Software},
  volume={155},
  pages={105425},
  year={2022},
  publisher={Elsevier}
}

@article{nhd2019plus,
  title={The National Hydrography Dataset Plus High Resolution (NHDPlus HR)â€“A new national dataset},
  author={Moore, Richard B and Dewald, Thomas G},
  journal={In AGU Fall Meeting Abstracts},
  volume={2019},
  pages={H43L--2110},
  year={2019}
}

@article{shen2020scalable,
  title={Scalable platform for continental hydrologic modeling: Experiences and lessons from a continental-scale implementation},
  author={Shen, Chaopeng and Ye, Sheng and Lai, Hongkuan and Li, Lele and Lu, Dan},
  journal={Environmental Modelling \& Software},
  volume={124},
  pages={104644},
  year={2020},
  publisher={Elsevier}
}

@article{clark2021challenges,
  title={Challenges and opportunities for improving large-scale hydrological modeling and forecasting},
  author={Clark, Martyn P and Zolfaghari, Kimia and Green, Kevin R and Trim, Sean and Knoben, Wouter JM and Bennett, Andrew and Nijssen, Bart and Ireson, Andrew and Spiteri, Raymond J},
  journal={Water Resources Research},
  volume={57},
  number={5},
  pages={e2020WR029000},
  year={2021},
  publisher={Wiley Online Library}
} 